@book{2005:thrun:book,
 author = {Thrun, Sebastian and Burgard, Wolfram and Fox, Dieter},
 title = {Probabilistic Robotics (Intelligent Robotics and Autonomous Agents)},
 year = {2005},
 publisher = {The MIT Press},
}

@article{2011:kelly:article,
 author = {Kelly, Jonathan and Sukhatme, Gaurav},
 title = {Visual-Inertial Sensor Fusion: Localization, Mapping and Sensor-to-Sensor Self-calibration},
 journal = {Int. J. Rob. Res.},
 issue_date = {January   2011},
 volume = {30},
 issue = {1},
 month = {January},
 year = {2011},
 issn = {0278-3649},
 pages = {56--79},
 numpages = {24},
 url = {http://dx.doi.org/10.1177/0278364910382802},
 doi = {http://dx.doi.org/10.1177/0278364910382802},
 acmid = {1925929},
 publisher = {Sage Publications, Inc.},
 address = {Thousand Oaks, CA, USA},
 keywords = {Self-calibration, computer vision, inertial navigation, observability, sensor fusion},
} 
