@book{2005:thrun:book,
 author = {Thrun, Sebastian and Burgard, Wolfram and Fox, Dieter},
 title = {Probabilistic Robotics (Intelligent Robotics and Autonomous Agents)},
 year = {2005},
 publisher = {The MIT Press},
}

@article{2011:kelly:article,
 author = {Kelly, Jonathan and Sukhatme, Gaurav},
 title = {Visual-Inertial Sensor Fusion: Localization, Mapping and Sensor-to-Sensor Self-calibration},
 journal = {Int. J. Rob. Res.},
 issue_date = {January   2011},
 volume = {30},
 issue = {1},
 month = {January},
 year = {2011},
 issn = {0278-3649},
 pages = {56--79},
 numpages = {24},
 url = {http://dx.doi.org/10.1177/0278364910382802},
 doi = {http://dx.doi.org/10.1177/0278364910382802},
 acmid = {1925929},
 publisher = {Sage Publications, Inc.},
 address = {Thousand Oaks, CA, USA},
 keywords = {Self-calibration, computer vision, inertial navigation, observability, sensor fusion},
} 


@article{mirzaei2008kalman,
  title={A Kalman filter-based algorithm for IMU-camera calibration: Observability analysis and performance evaluation},
  author={Mirzaei, F.M. and Roumeliotis, S.I.},
  journal={Robotics, IEEE Transactions on},
  volume={24},
  number={5},
  pages={1143--1156},
  year={2008},
  publisher={IEEE}
}

@INPROCEEDINGS{Johnson_fieldtesting,
    author = {Andrew Johnson and Reg Willson and Jay Goguen and James Alex and David Meller},
    title = {Field testing of the mars exploration rovers descent image motion estimation system},
    booktitle = {in Proc. IEEE Int. Conf. Robot. Autom},
    year = {},
    pages = {4463--4469}
}

@article{lobo2007relative,
  title={Relative pose calibration between visual and inertial sensors},
  author={Lobo, J. and Dias, J.},
  journal={The International Journal of Robotics Research},
  volume={26},
  number={6},
  pages={561--575},
  year={2007},
  publisher={SAGE Publications}
}

@ONLINE{Lobo:2009:Online,
author = {Lobo, Jorge},
title = {InerVis Toolbox for Matlab},
month = jun,
year = {2008},
howpublished = "\url{http://www2.deec.uc.pt/~jlobo/InerVis_WebIndex/}"
}

@article{crassidis2003unscented,
  title={Unscented filtering for spacecraft attitude estimation},
  author={Crassidis, J.L. and Markley, F.L.}
}
